@BOOK{B.SEG.99.Oristaglio,
  EDITOR = {Michael Oristaglio and Brian Spies},
  TITLE = {Three-Dimensional Electromagnetics},
  PUBLISHER = {SEG},
  YEAR = {1999},
  SERIES = {Geophysical Developments},
  NUMBER = {7},
  NOTE = {\href{https://doi.org/10.1190/1.9781560802154}{doi: 10.1190/1.9781560802154}}
  }

@ARTICLE{GEO.07.Plessix,
  AUTHOR = {R[]-E[] Plessix and M[] Darnet and Wim A[] Mulder},
  TITLE = {An approach for {3D} multisource, multifrequency {CSEM} modeling},
  JOURNAL = {Geophysics},
  VOLUME = {72},
  NUMBER = {5},
  PAGES = {SM177--SM184},
  YEAR = {2007},
  NOTE = {\href{https://doi.org/10.1190/1.2744234}{doi: 10.1190/1.2744234}}
}

@ARTICLE{GEO.08.Mulder,
  AUTHOR   = {Wim A[] Mulder and M[] Wirianto and E[] Slob},
  TITLE    = {Time-domain modeling of electromagnetic diffusion with a
      frequency-domain code},
  JOURNAL  = {Geophysics},
  VOLUME   = {73},
  NUMBER   = {1},
  PAGES    = {F1--F8},
  YEAR     = {2008},
  NOTE     = {\href{https://doi.org/10.1190/1.2799093}{doi: 10.1190/1.2799093}}
}

@INBOOK{B.Springer.11.Mulder,
  AUTHOR = {Wim A[] Mulder},
  EDITOR = {Harsh K[] Gupta},
  TITLE = {Numerical Methods, Multigrid},
  BOOKTITLE = {Encyclopedia of Solid Earth Geophysics},
  YEAR = {2011},
  PUBLISHER = {Springer Netherlands},
  ADDRESS = {Dordrecht},
  PAGES = {895--900},
  ISBN = {978-90-481-8702-7},
  NOTE = {\href{https://doi.org/10.1007/978-90-481-8702-7_153}{doi:
    10.1007/978-90-481-8702-7\_153}}
}


@ARTICLE{GEO.17.Werthmuller,
  AUTHOR = {Dieter Werthmüller},
  TITLE = {An open-source full {3D} electromagnetic modeler for {1D} {VTI}
    media in {P}ython: empymod},
  PUBLISHER = {SEG},
  YEAR = {2017},
  JOURNAL = {Geophysics},
  VOLUME = {82},
  NUMBER = {6},
  PAGES = {WB9--WB19},
  NOTE = {\href{https://doi.org/10.1190/geo2016-0626.1}{doi:
    10.1190/geo2016-0626.1}}
  }

@ARTICLE{GEO.19.Werthmuller,
  AUTHOR   = {Dieter Werthmüller and Kerry Key and Evert Slob},
  TITLE    = {A tool for designing digital filters for the {H}ankel and
    {F}ourier transforms in potential, diffusive, and wavefield modeling},
  PUBLISHER= {SEG},
  YEAR     = {2019},
  JOURNAL  = {Geophysics},
  VOLUME   = {84},
  NUMBER   = {2},
  PAGES    = {F47--F56},
  NOTE     = {\href{https://doi.org/10.1190/geo2018-0069.1}{doi:
    10.1190/geo2018-0069.1}}
 }

@ARTICLE{JOSS.19.Werthmuller,
  AUTHOR   = {Dieter Werthmüller and Wim A[] Mulder and Evert C[] Slob},
  TITLE    = {{e}mg3d: {A} multigrid solver for {3D} electromagnetic diffusion},
  YEAR     = {2019},
  JOURNAL  = {Journal of Open Source Software},
  VOLUME   = {4},
  NUMBER   = {39},
  PAGES    = {1463},
  NOTE     = {\href{https://doi.org/10.21105/joss.01463}{doi:
    10.21105/joss.01463}}
 }

@ARTICLE{SimPEG,
  AUTHOR    = {R. Cockett and S. Kang and L. J. Heagy and A. Pidlisecky and
               D. W. Oldenburg},
  TITLE     = {{SimPEG}: {A}n open source framework for simulation and gradient
               based parameter estimation in geophysical applications},
  JOURNAL   = {Computers \& Geosciences},
  YEAR      = {2015},
  VOLUME    = {85},
  PAGES     = {142-154},
  DOI       = {10.1016/j.cageo.2015.09.015}
}

@ARTICLE{PETGEM,
  AUTHOR    = {O. Castillo-Reyes and J. de la Puente and J. María Cela},
  TITLE     = {{PETGEM}: {A} parallel code for {3D} {CSEM} forward modeling
               using edge finite elements},
  JOURNAL   = {Computers \& Geosciences},
  YEAR      = {2018},
  VOLUME    = {119},
  PAGES     = {123-136},
  DOI       = {10.1016/j.cageo.2018.07.005}
}

@ARTICLE{custEM,
  AUTHOR    = {R. Rochlitz and N. Skibbe and T. Günther},
  TITLE     = {{custEM}: customizable finite element simulation of complex
               controlled-source electromagnetic data},
  JOURNAL   = {Geophysics},
  YEAR      = {2019},
  VOLUME    = {84},
  NUMBER    = {2},
  PAGES     = {F17-F33},
  DOI       = {10.1190/geo2018-0208.1}
}

@ARTICLE{GP.71.Ghosh,
  AUTHOR   = {Deva Prasad Ghosh},
  TITLE    = {The application of linear filter theory to the direct
    interpretation of geoelectrical resistivity sounding measurements},
  JOURNAL  = gp,
  VOLUME   = {19},
  NUMBER   = {2},
  PUBLISHER= {Blackwell Publishing Ltd},
  NOTE     = {\href{https://doi.org/10.1111/j.1365-2478.1971.tb00593.x}{doi:
    10.1111/j.1365-2478.1971.tb00593.x}},
  PAGES    = {192--217},
  YEAR     = {1971},
}

@ARTICLE{RAS.00.Hamilton,
  AUTHOR   = {A[] J[] S[] Hamilton},
  TITLE    = {Uncorrelated modes of the non-linear power spectrum},
  JOURNAL  = {Monthly Notices of the Royal Astronomical Society},
  NUMBER   = {2},
  VOLUME   = {312},
  PAGES    = {257--284},
  YEAR     = {2000},
  NOTE     = {\href{https://doi.org/10.1046/j.1365-8711.2000.03071.x}{doi:
    10.1046/j.1365-8711.2000.03071.x}}
}
